<collection xmlns="http://www.loc.gov/MARC21/slim">
   <record>
      <leader>02735cam a2200493 i 4500</leader>
      <controlfield tag="001">6697548</controlfield>
      <controlfield tag="003">OCoLC</controlfield>
      <controlfield tag="005">20140910111135.0</controlfield>
      <controlfield tag="008">130822t20152015maua     b    001 0 eng  </controlfield>
      <datafield ind1=" " ind2=" " tag="010">
         <subfield code="a">  2013034384</subfield>
      </datafield>
      <datafield ind1="7" ind2=" " tag="016">
         <subfield code="a">101615632</subfield>
         <subfield code="2">DNLM</subfield>
      </datafield>
      <datafield ind1=" " ind2=" " tag="020">
         <subfield code="a">9781284036015</subfield>
      </datafield>
      <datafield ind1=" " ind2=" " tag="020">
         <subfield code="a">1284036014</subfield>
      </datafield>
      <datafield ind1=" " ind2=" " tag="020">
         <subfield code="a">9781284025460 (pbk.)</subfield>
      </datafield>
      <datafield ind1=" " ind2=" " tag="020">
         <subfield code="a">1284025462 (pbk.)</subfield>
      </datafield>
      <datafield ind1=" " ind2=" " tag="035">
         <subfield code="a">ocn857141343</subfield>
      </datafield>
      <datafield ind1=" " ind2=" " tag="040">
         <subfield code="a">DNLM/DLC</subfield>
         <subfield code="b">eng</subfield>
         <subfield code="e">rda</subfield>
         <subfield code="c">DLC</subfield>
         <subfield code="d">YDX</subfield>
         <subfield code="d">NLM</subfield>
         <subfield code="d">YDXCP</subfield>
         <subfield code="d">OCLCO</subfield>
         <subfield code="d">BTCTA</subfield>
         <subfield code="d">GWM</subfield>
         <subfield code="d">OCLCF</subfield>
         <subfield code="d">UAB</subfield>
      </datafield>
      <datafield ind1=" " ind2=" " tag="042">
         <subfield code="a">pcc</subfield>
      </datafield>
      <datafield ind1="0" ind2="0" tag="050">
         <subfield code="a">RA409</subfield>
         <subfield code="b">.G47 2015</subfield>
      </datafield>
      <datafield ind1="0" ind2="0" tag="060">
         <subfield code="a">2014 E-597</subfield>
      </datafield>
      <datafield ind1="1" ind2="0" tag="060">
         <subfield code="a">WA 950</subfield>
      </datafield>
      <datafield ind1="0" ind2="0" tag="082">
         <subfield code="a">362.1072/7</subfield>
         <subfield code="2">23</subfield>
      </datafield>
      <datafield ind1=" " ind2=" " tag="090">
         <subfield code="a">RA 409 G47 2015</subfield>
         <subfield code="b">AEU</subfield>
      </datafield>
      <datafield ind1="1" ind2=" " tag="100">
         <subfield code="a">Gerstman, B. Burt,</subfield>
         <subfield code="e">author.</subfield>
         <subfield code="0">http://id.loc.gov/authorities/names/n97803185</subfield>
         <subfield code="0">http://viaf.org/viaf/273650604</subfield>
      </datafield>
      <datafield ind1="1" ind2="0" tag="245">
         <subfield code="a">Basic biostatistics :</subfield>
         <subfield code="b">statistics for public health practice /</subfield>
         <subfield code="c">B. Burt Gerstman (Professor, Department of Health Science, San Jose State University, San Jose, California).</subfield>
      </datafield>
      <datafield ind1=" " ind2=" " tag="250">
         <subfield code="a">Second Edition.</subfield>
      </datafield>
      <datafield ind1=" " ind2="1" tag="264">
         <subfield code="a">Burlington, Massachusetts :</subfield>
         <subfield code="b">Jones &amp; Bartlett Learning,</subfield>
         <subfield code="c">[2015]</subfield>
      </datafield>
      <datafield ind1=" " ind2="4" tag="264">
         <subfield code="c">©2015</subfield>
      </datafield>
      <datafield ind1=" " ind2=" " tag="300">
         <subfield code="a">xv, 644 pages :</subfield>
         <subfield code="b">illustrations ;</subfield>
         <subfield code="c">23 cm</subfield>
      </datafield>
      <datafield ind1=" " ind2=" " tag="336">
         <subfield code="a">text</subfield>
         <subfield code="2">rdacontent</subfield>
         <subfield code="0">http://id.loc.gov/vocabulary/contentTypes/txt</subfield>
      </datafield>
      <datafield ind1=" " ind2=" " tag="337">
         <subfield code="a">unmediated</subfield>
         <subfield code="2">rdamedia</subfield>
         <subfield code="0">http://id.loc.gov/vocabulary/mediaTypes/n</subfield>
      </datafield>
      <datafield ind1=" " ind2=" " tag="338">
         <subfield code="a">volume</subfield>
         <subfield code="2">rdacarrier</subfield>
         <subfield code="0">http://id.loc.gov/vocabulary/carriers/nc</subfield>
      </datafield>
      <datafield ind1=" " ind2=" " tag="504">
         <subfield code="a">Includes bibliographical references and index.</subfield>
      </datafield>
      <datafield ind1="0" ind2=" " tag="505">
         <subfield code="a">Measurement -- Types of studies -- Frequency distributions -- Summary statistics -- Probability concepts -- Binomial probability distributions -- Normal probability distributions -- Introduction to statistical inference -- Basics of hypothesis testing -- Basics of confidence intervals -- Inference about a mean -- Comparing independent means -- Comparing several means (one-way analysis of variance) -- Correlation and regression -- Multiple linear regression -- Inference about a proportion -- Comparing two proportions -- Cross-tabulated counts -- Stratified 2-by-2 tables.</subfield>
      </datafield>
      <datafield ind1=" " ind2=" " tag="596">
         <subfield code="a">42</subfield>
      </datafield>
      <datafield ind1=" " ind2="0" tag="650">
         <subfield code="a">Medical statistics.</subfield>
         <subfield code="0">http://id.loc.gov/authorities/subjects/sh85083031</subfield>
      </datafield>
      <datafield ind1=" " ind2="0" tag="650">
         <subfield code="a">Biometry.</subfield>
         <subfield code="0">http://id.loc.gov/authorities/subjects/sh85014244</subfield>
      </datafield>
      <datafield ind1=" " ind2="0" tag="650">
         <subfield code="a">Public health</subfield>
         <subfield code="x">Statistical methods.</subfield>
      </datafield>
      <datafield ind1="1" ind2="2" tag="650">
         <subfield code="a">Biostatistics</subfield>
         <subfield code="v">methods.</subfield>
         <subfield code="0">http://id.nlm.nih.gov/mesh/D056808Q000379</subfield>
      </datafield>
      <datafield ind1="2" ind2="2" tag="650">
         <subfield code="a">Public Health Practice.</subfield>
         <subfield code="0">http://id.nlm.nih.gov/mesh/D015980</subfield>
      </datafield>
      <datafield ind1=" " ind2=" " tag="758">
         <subfield code="0">http://worldcat.org/entity/work/id/23600345</subfield>
      </datafield>
      <datafield ind1="0" ind2=" " tag="787">
         <subfield code="n">OCLC Work Id</subfield>
         <subfield code="o">http://worldcat.org/entity/work/id/23600345</subfield>
      </datafield>
      <datafield ind1=" " ind2=" " tag="949">
         <subfield code="a">RA 409 G47 2015</subfield>
         <subfield code="c">1</subfield>
         <subfield code="h">UAHL-B</subfield>
         <subfield code="i">0162035158953</subfield>
      </datafield>
      <datafield ind1=" " ind2=" " tag="926">
         <subfield code="a">RA 409 G47 2015</subfield>
         <subfield code="w">LC</subfield>
         <subfield code="c">1</subfield>
         <subfield code="i">0162035158953</subfield>
         <subfield code="d">9/6/2016</subfield>
         <subfield code="e">8/31/2016</subfield>
         <subfield code="l">ON_SHELF</subfield>
         <subfield code="m">UAHLTHSC</subfield>
         <subfield code="n">6</subfield>
         <subfield code="p">$150.00</subfield>
         <subfield code="r">Y</subfield>
         <subfield code="s">Y</subfield>
         <subfield code="t">BOOK</subfield>
         <subfield code="u">9/25/2014</subfield>
      </datafield>
   </record>
</collection>
